<?xml version="1.0" encoding="UTF-8"?><collection><record><leader>04785ntm a2200517 a 4500</leader><controlfield tag="001">006825713</controlfield><controlfield tag="003">MiAaHDL</controlfield><controlfield tag="005">20190719000000.0</controlfield><controlfield tag="006">m        d        </controlfield><controlfield tag="007">cr bn ---auaua</controlfield><controlfield tag="008">090626s193u    xx            00| ||ara d</controlfield><datafield tag="035" ind1=" " ind2=" "><subfield code="a">(MiU)006825713</subfield></datafield><datafield tag="035" ind1=" " ind2=" "><subfield code="a">sdr-miu006825713</subfield></datafield><datafield tag="040" ind1=" " ind2=" "><subfield code="a">MiU</subfield><subfield code="c">MiU</subfield><subfield code="e">amremm</subfield></datafield><datafield tag="043" ind1=" " ind2=" "><subfield code="a">n-us-mi</subfield></datafield><datafield tag="245" ind1="0" ind2="0"><subfield code="6">880-03</subfield><subfield code="a">Ḥāshiyah ʻalá matn al-Ishārāt,</subfield><subfield code="f">[193-?].</subfield></datafield><datafield tag="246" ind1="3" ind2="8"><subfield code="a">حاشية على متن الاشارات</subfield></datafield><datafield tag="260" ind1=" " ind2=" "><subfield code="c">[193-?].</subfield></datafield><datafield tag="300" ind1=" " ind2=" "><subfield code="a">67 leaves :</subfield><subfield code="b">paper ;</subfield><subfield code="c">290 x 200-225 mm. bound to 300 x 230 mm.</subfield></datafield><datafield tag="500" ind1=" " ind2=" "><subfield code="a">Shelfmark: Ann Arbor, University of Michigan, Special Collections Library, Isl. Ms. 929</subfield></datafield><datafield tag="500" ind1=" " ind2=" "><subfield code="a">Origin: Lacks dated scribal colophon, though likely copied in Egypt in the late 1930s and eventually bound for James Heyworth-Dunne (d.1974). Likely in the hand of the glossator "ا ع" who apparently executed other manuscripts eventually bound for Heyworth-Dunne, namely Isl. Ms. 905 (completed in 1939), Isl. Ms. 910, Isl. Ms. 937 (completed in 1934), Isl. Ms. 981, Isl. Ms. 988, and Isl. Ms. 998.</subfield></datafield><datafield tag="500" ind1=" " ind2=" "><subfield code="a">Former shelfmark: Mich. Isl. Ms. temp. no. 78</subfield></datafield><datafield tag="500" ind1=" " ind2=" "><subfield code="a">Binding: Boards covered in dark green cloth with dark green leather over spine (quarter binding) ; pastedowns and flyleaves in wove paper printed with a floral vegetal pattern in green ; spine gold-stamped with title and decorative accents over raised bands "حشاية | على متن | الاشارات | ابن سينا| J.H.D." ; sewing difficult to examine ; stuck-on endbands (blue and white stripe) ; overall in fairly good condition.</subfield></datafield><datafield tag="500" ind1=" " ind2=" "><subfield code="a">Support: Wove paper of at least two different types.</subfield></datafield><datafield tag="500" ind1=" " ind2=" "><subfield code="a">Decoration: Opening sections entirely in blue ink ; elsewhere matn in black or blue ink and glosses rubricated (see pp.100, 102, 130-150) ; in final sections both matn and glosses in red (from pp.103-107, 109-130, 151 to close).</subfield></datafield><datafield tag="500" ind1=" " ind2=" "><subfield code="a">Script: Ruqʻah ; quick, compact hand in a thin to medium line (varies) ; serifless and freely ligatured with mainly closed counters, slight effect of words descending to baseline, pointing somewhat careless and in strokes rather than distinct dots, final yāʼ usually unpointed.</subfield></datafield><datafield tag="500" ind1=" " ind2=" "><subfield code="a">Layout: Highly variable, though with matn in central written area ranging from 11-19 lines per page and glosses arranged in margins.</subfield></datafield><datafield tag="500" ind1=" " ind2=" "><subfield code="a">Collation: Pages between sections left fully or partially blank, some serving as section 'title pages' (see pp.21, 57, 109, 153) ; pagination in pencil, Western numerals, supplied during digitization.</subfield></datafield><datafield tag="500" ind1=" " ind2=" "><subfield code="a">Explicit: [matn al-Ishārāt] "شئ للبصر مكافحة حتى يشاهد صورة الغيب مشاهدة"</subfield></datafield><datafield tag="500" ind1=" " ind2=" "><subfield code="a">Incipit: [matn al-Ishārāt] "هذه اشارات الى اصول وتنبيهات على جمل يستبصر بها من تيسر له لا ينتفع بالاصرح منها من تعسر عليه والتكلان على من بيده التوفيق ..." ; [Ḥāshiyah ʻalá matn al-Ishārāt] "الاشارة اسم المسألة تحتاج الى دليل والتنبيه اسم لما هو بخلاف ذلك والاصول القوانين الكلية التي يتعرف منها احكام جزئياتها ..."</subfield></datafield><datafield tag="500" ind1=" " ind2=" "><subfield code="a">Title from inscription on 'title page' (p.1).</subfield></datafield><datafield tag="500" ind1=" " ind2=" "><subfield code="a">Ms. codex.</subfield></datafield><datafield tag="510" ind1="4" ind2=" "><subfield code="a">Brockelmann, C. GAL,</subfield><subfield code="c">I 452 ff. ; S I 816</subfield></datafield><datafield tag="520" ind1="8" ind2=" "><subfield code="a">Careful copy of Ibn Sīnā's (d.1037) al-Ishārāt wa-al-tanbīhāt with glosses (ending arround p.158) attributed on the 'title pages' for the various sections to the anonymous "اع", apparent copyist of Isl. Mss. 905, 910, 937, 981, 988, 998 (see pp.1, 21, 57, 109, 153).</subfield></datafield><datafield tag="538" ind1=" " ind2=" "><subfield code="a">Mode of access: Internet.</subfield></datafield><datafield tag="541" ind1=" " ind2=" "><subfield code="a">Acquired in the Fall of 1950.</subfield></datafield><datafield tag="546" ind1=" " ind2=" "><subfield code="a">Arabic.</subfield></datafield><datafield tag="561" ind1=" " ind2=" "><subfield code="a">On upper pastedown label with ex libris of James Heyworth-Dunne (d.1974), stamped with inventory number, "Ex Libris | J. Heyworth-Dunne | D. Lit. (London) | No 7970" ; UM Library inscription on (p.3) "Dunning | Heyworth-Dunne | 6-11-51 | 71955" ; possible former inventory mark in pencil on verso of final leaf (p.184) "231 / 53" ; marginal glosses.</subfield></datafield><datafield tag="600" ind1="0" ind2="0"><subfield code="a">Avicenna,</subfield><subfield code="d">980-1037.</subfield><subfield code="t">Ishārāt wa-al-tanbīhāt.</subfield></datafield><datafield tag="650" ind1=" " ind2="0"><subfield code="a">Manuscripts, Arabic</subfield><subfield code="z">Michigan</subfield><subfield code="z">Ann Arbor.</subfield></datafield><datafield tag="650" ind1=" " ind2="0"><subfield code="a">Islamic philosophy</subfield><subfield code="v">Early works to 1800.</subfield></datafield><datafield tag="700" ind1="0" ind2="2"><subfield code="a">ابن سينا،</subfield><subfield code="t">اشارات والتنبيهات.</subfield></datafield><datafield tag="700" ind1="0" ind2="2"><subfield code="a">Avicenna,</subfield><subfield code="d">980-1037.</subfield><subfield code="t">Ishārāt wa-al-tanbīhāt.</subfield></datafield><datafield tag="700" ind1="1" ind2=" "><subfield code="a">Heyworth-Dunne, J.</subfield><subfield code="q">(James),</subfield><subfield code="e">former owner.</subfield></datafield><datafield tag="773" ind1="0" ind2=" "><subfield code="a">Heyworth-Dunne Collection.</subfield></datafield><datafield tag="880" ind1="0" ind2="0"><subfield code="6">245-03/</subfield><subfield code="a">حاشية على متن الاشارات,</subfield><subfield code="f">[193-م?].</subfield></datafield><datafield tag="CID" ind1=" " ind2=" "><subfield code="a">006825713</subfield></datafield><datafield tag="DAT" ind1="0" ind2=" "><subfield code="a">20190719102640.0</subfield><subfield code="b">20190719000000.0</subfield></datafield><datafield tag="DAT" ind1="1" ind2=" "><subfield code="a">20190719090653.0</subfield><subfield code="b">2019-07-19T16:11:05Z</subfield></datafield><datafield tag="DAT" ind1="2" ind2=" "><subfield code="a">2015-10-02T18:00:03Z</subfield></datafield><datafield tag="CAT" ind1=" " ind2=" "><subfield code="a">SDR-MIU</subfield><subfield code="d">EX LIBRIS - ALEPH</subfield><subfield code="l">prepare.pl-004-008</subfield></datafield><datafield tag="FMT" ind1=" " ind2=" "><subfield code="a">BK</subfield></datafield><datafield tag="HOL" ind1=" " ind2=" "><subfield code="0">sdr-miu006825713</subfield><subfield code="a">MiU</subfield><subfield code="b">SDR</subfield><subfield code="c">MIU</subfield><subfield code="p">mdp.39015079131101</subfield><subfield code="s">MIU</subfield><subfield code="1">006825713</subfield></datafield><datafield tag="974" ind1=" " ind2=" "><subfield code="b">MIU</subfield><subfield code="c">MIU</subfield><subfield code="d">20190719</subfield><subfield code="s">lit-dlps-dc</subfield><subfield code="u">mdp.39015079131101</subfield><subfield code="y">1939</subfield><subfield code="r">ic-world</subfield><subfield code="q">man</subfield></datafield></record></collection>